@article{ChangHTD19,
  author  = {Yuan{-}Hao Chang and Jingtong Hu and Mehdi Baradaran Tahoori and Ronald F. DeMara},
  title   = {Guest Editorial: {IEEE} Transactions on Computers Special Section on Emerging Non-Volatile Memory Technologies: From Devices to Architectures and Systems},
  journal = {{IEEE} Trans. Computers},
  volume  = {68},
  number  = {8},
  pages   = {1111--1113},
  year    = {2019}
}
@article{WangZSS21,
  author  = {王鹏 and 张修社 and 索龙 and 史可懿},
  title   = {基于随机时变图的时间确定性网络路由算法},
  journal = {通信学报},
  volume  = {42},
  number  = {9},
  pages   = {21--30},
  year    = {2021}
}
@article{GongL21,
  author  = {Ming{-}Yan Gong and Bin Lyu},
  title   = {Alternating Maximization and the {EM} Algorithm in Maximum-Likelihood Direction Finding},
  journal = {{IEEE} Trans. Veh. Technol.},
  year    = {2021},
  doi     = {10.1109/TVT.2021.3106794}
}
@inproceedings{TsaiCLQLB13,
  author    = {Wei{-}Tek Tsai and Charles J. Colbourn and Jie Luo and Guanqiu Qi and Qingyang Li and Xiaoying Bai},
  title     = {Test algebra for combinatorial testing},
  booktitle = {{AST}},
  pages     = {19--25},
  publisher = {{IEEE} Computer Society},
  year      = {2013}
}
@online{Collinson21,
  author  = {Stephen Collinson},
  title   = {Biden's refusal of executive privilege claim ignites new firestorm with {Trump}},
  url     = {https://edition.cnn.com/2021/10/26/politics/donald-trump-joe-biden-executive-privilege-january-6/index.html},
  urldate = {2021-10-26}
}


%%%%%%%%%%%%%%%%%%%%%%%%%%%%%%%%%%%%%%%%%

@article{1,
  title   = {The 100-Car Naturalistic Driving Study, Phase II-Results of the 100-Car Field Experiment},
  author  = { Dingus, T. A. },
  journal = {DOT HS 810593},
  year    = {2006}
}


@article{2,
  title   = {Critical Reasons for Crashes Investigated in the National Motor Vehicle Crash Causation Survey},
  author  = {Singh, S},
  journal = {Traffic Safety Facts - Crash Stats},
  year    = {2015}
}

@online{3,
  author  = {Traffic safety facts},
  title   = {Available online:},
  url     = {https://www.nhtsa.gov/risky-driving/distracted-driving },
  urldate = {2019-2-16}
}

@article{4,
  title   = {Examining the effects of an eco-driving message on driver distraction},
  author  = { Rouzikhah, H.  and  King, M.  and  Rakotonirainy, A. },
  journal = {Accident Analysis and Prevention},
  volume  = {50},
  number  = {2},
  pages   = {975-983},
  year    = {2013}
}

@article{5,
  title   = {The effect of cellular phone use on driving performance},
  author  = { Ishida, T.  and  Matsuura, T. },
  journal = {IATSS Research},
  volume  = {25},
  number  = { 2},
  pages   = {6-14},
  year    = {2001}
}

@article{6,
  title   = {Association between Cellular-Telephone Calls and Motor Vehicle Collisions},
  author  = {Donald and A. and Redelmeier and Robert and J. and Tibshirani},
  journal = {New England Journal of Medicine},
  year    = {1997}
}

@article{7,
  title   = {An on-road assessment of cognitive distraction: impacts on drivers' visual behavior and braking performance.},
  author  = { Harbluk, Jl  and  Noy, Yi  and  Trbovich, Pl  and  Eizenman, M },
  journal = {Accid Anal Prev},
  volume  = {39},
  number  = {2},
  pages   = {372-379},
  year    = {2007}
}

@article{8,
  title   = {Engrossed in conversation: the impact of cell phones on simulated driving performance.},
  author  = { Beede, Kristen E.  and  Kass, Steven J. },
  journal = {Accid Anal Prev},
  volume  = {38},
  number  = {2},
  pages   = {415-421},
  year    = {2006}
}

@inproceedings{9,
  title     = {Assessing Text Reading and Text Entry while Driving Using the Visual Occlusion Technique},
  author    = { Ghazizadeh, Mahtab  and  Lee, John D  and  Peng, Yiyun  and  Boyle, Linda Ng },
  booktitle = {The Seventh International Driving Symposium on Human Factors in Driver Assessment, Training, and Vehicle Design},
  year      = {2013}
}

@article{10,
  title  = {Final Report from the NSF (National Science Foundation) Innovation and Discovery Workshop: The Scientific Basis of Individual and Team Innovation and Discovery. Held on May 17-18, 2006.},
  author = { Cagan, J.  and  Paulus, P. B.  and  Schunn, C. D.  and  Wood, K. },
  year   = {2007}
}

@article{11,
  title   = {Text messaging amongst New Zealand drivers: Prevalence and risk perception},
  author  = { A, Charlene Hallett  and  A, Anthony Lambert  and  B, Michael A. Regan },
  journal = {Transportation Research Part F: Traffic Psychology and Behaviour},
  volume  = {15},
  number  = { 3},
  pages   = {261-271},
  year    = {2012}
}


@article{12,
  title   = {Driver fatigue and drowsiness monitoring system with embedded electrocardiogram sensor on steering wheel},
  author  = { Jung, S. J.  and  Shin, H. S.  and  Chung, W. Y. },
  journal = {Iet Intelligent Transport Systems},
  volume  = {8},
  number  = {1},
  pages   = {43-50},
  year    = {2014}
}


@article{14,
  title   = {脑电在交通驾驶行为中的应用研究综述},
  author  = {关伟 and 杨柳 and 江世雄},
  journal = {交通运输系统工程与信息},
  volume  = {16},
  number  = {3},
  pages   = {10},
  year    = {2016}
}

@article{15,
  title   = {A method of facial expression recognition based on Gabor and NMF},
  author  = {Jun and Zhou and Sue and Zhang and Hongyan and Mei and Dawei and Wang},
  journal = {Pattern Recognition and Image Analysis Advances in Mathematical Theory and Applications in the Ussr},
  year    = {2016}
}

@article{16,
  title   = {Facial expression recognition based on Local Binary Patterns: A comprehensive study},
  author  = { Shan, C.  and  Gong, S.  and  Mcowan, P. W. },
  journal = {Image and Vision Computing},
  volume  = {27},
  number  = {6},
  pages   = {803-816},
  year    = {2009}
}


@article{17,
  title   = {Facial expression recognition based on local binary patterns},
  author  = { Feng, X.  and  Pietik?Inen, M.  and  Hadid, A. },
  journal = {Pattern Recognition and Image Analysis},
  volume  = {17},
  number  = {4},
  pages   = {592-598},
  year    = {2007}
}


@article{18,
  title   = {Active Appearance Models},
  author  = { Cootes, T. F.  and  Edwards, G. J.  and  Taylor, C. J. },
  journal = {IEEE Transactions on Pattern Analysis and Machine Intelligence},
  volume  = {23},
  number  = {6},
  pages   = {681-685},
  year    = {2001}
}


@inproceedings{19,
  title     = {A Deep Structure for Facial Expression Recognition under Partial Occlusion},
  author    = { Cheng, Yue  and  Jiang, Bin  and  Jia, Kebin },
  booktitle = {Tenth International Conference on Intelligent Information Hiding and Multimedia Signal Processing},
  year      = {2014}
}

@article{20,
  title   = {Enhanced Local Texture Feature Sets for Face Recognition Under Difficult Lighting Conditions},
  author  = { Tan, X.  and  Triggs, B. },
  journal = {Amfg},
  volume  = {4778},
  number  = {6},
  pages   = {1635-1650},
  year    = {2007}
}


@inproceedings{21,
  title     = {Emotion recognition using dynamic grid-based HoG features},
  author    = { Dahmane, M.  and  Meunier, J. },
  booktitle = {IEEE International Conference on Automatic Face and Gesture Recognition and Workshops},
  pages     = {884-888},
  year      = {2011}
}

@article{22,
  title   = {Multiscale geometric analysis of turbulence by curvelets},
  author  = { Ma, J.  and  Hussaini, M. Y.  and  Vasilyev, O. V.  and  Dimet, Fxl },
  journal = {Physics of Fluids},
  volume  = {21},
  number  = {7},
  pages   = {1-120},
  year    = {2009}
}



@article{23,
  title   = {A principal component analysis of facial expressions - ScienceDirect},
  author  = { A, Andrew J Calder  and  B, A. Mike Burton  and  B, Paul Miller  and  C, Andrew W Young  and  D, Shigeru Akamatsu },
  journal = {Vision Research},
  volume  = {41},
  number  = { 9},
  pages   = {1179-1208},
  year    = {2001}
}

@article{24,
  title  = {Independent Component Analysis For Face Authentication},
  author = { Havran, C.  and  Hupet, L.  and  Czyz, J.  and  Lee, J.  and  Verleysen, M. },
  year   = {2002}
}


@inproceedings{25,
  title     = {Visual recognition of driver hand-held cell phone use based on hidden CRF},
  author    = { Zhang, X.  and  Zheng, N.  and  Fei, W.  and  He, Y. },
  booktitle = {IEEE International Conference on Vehicular Electronics and Safety},
  year      = {2011}
}

@article{26,
  title   = {A Pattern Recognition System for Detecting Use of Mobile Phones While Driving},
  author  = { Berri, R. A.  and  Silva, A. G.  and  Parpinelli, R. S.  and  Girardi, E.  and  Arthur, R. },
  journal = {IEEE},
  year    = {2014}
}

@article{27,
  title   = {Driver distraction detection and recognition using RGB-D sensor},
  author  = { Craye, C.  and  Karray, F. },
  journal = {computer science},
  year    = {2015}
}

@inproceedings{28,
  title     = {EEG based driver cognitive distraction assessment},
  author    = { Almahasneh, H. S.  and  Kamel, N.  and  Malik, A. S.  and  Wlater, N.  and  Weng, T. C. },
  booktitle = {2014 5th International Conference on Intelligent and Advanced Systems (ICIAS)},
  year      = {2014}
}

@phdthesis{29,
  title  = {考虑驾驶员生物电信号的疲劳驾驶检测方法研究},
  author = {薛雷},
  school = {吉林大学}
}

@article{30,
  title   = {基于人体关键点的分心驾驶行为识别},
  author  = {夏瀚笙 and 沈峘 and 胡委},
  journal = {计算机技术与发展},
  volume  = {29},
  number  = {7},
  pages   = {5},
  year    = {2019}
}

@inproceedings{31,
  title     = {Detection of Distracted Driver Using Convolutional Neural Network},
  author    = { Baheti, B.  and  Gajre, S.  and  Talbar, S. },
  booktitle = {2018 IEEE/CVF Conference on Computer Vision and Pattern Recognition Workshops (CVPRW)},
  year      = {2018}
}

@book{32,
  title     = {A Deep Learning Based Framework for Distracted Driver Detection},
  author    = { Maurya, Swadesh Kumar  and  Choudhary, Ayesha },
  publisher = {Computer Vision, Pattern Recognition, Image Processing, and Graphics},
  year      = {2020}
}

@article{33,
  title   = {Going Deeper with Convolutions},
  author  = { Szegedy, Christian  and  Liu, Wei  and  Jia, Yangqing  and  Sermanet, Pierre  and  Rabinovich, Andrew },
  journal = {IEEE Computer Society},
  year    = {2014}
}

@article{34,
  title  = {A2D2: Audi Autonomous Driving Dataset},
  author = { Geyer, J.  and  Kassahun, Y.  and  Mahmudi, M.  and X Ricou and  Schuberth, P. },
  year   = {2020}
}

@inproceedings{35,
  title     = {YawDD: A yawning detection dataset},
  author    = { Abtahi, Shabnam  and  Omidyeganeh, Mona  and  Shirmohammadi, Shervin  and  Hariri, Behnoosh },
  booktitle = {ACM Multimedia Systems (MMSys)},
  year      = {2014}
}

@online{36,
  author  = {StateFarm’s Distracted Driver Detection Dataset},
  title   = {Available online: },
  url     = {https://www.kaggle.com/c/ state-farm-distracted-driver-detection},
  urldate = {2019-2-13}
}


@inproceedings{37,
  title     = {Real-time Distracted Driver Posture Classification},
  author    = { Abouelnaga, Y.  and  Eraqi, Hesham Mohamed  and  Moustafa, M. N. },
  booktitle = {2018 NIPS Workshop on Machine Learning for Intelligent Transportation Systems},
  year      = {2018}
}


@article{38,
  title   = {Image Noise Estimation Using A Variation-Adaptive Evolutionary Approach},
  author  = { Jing, T.  and  Li, C. },
  journal = {IEEE Signal Processing Letters},
  volume  = {19},
  number  = {7},
  pages   = {395-398},
  year    = {2012}
}

@article{39,
  title   = {Fast and reliable structure-oriented video noise estimation},
  author  = { Amer, A.  and  Dubois, E. },
  journal = {IEEE Transactions on Circuits and Systems for Video Technology},
  volume  = {15},
  number  = {1},
  pages   = {113-118},
  year    = {2005}
}


@inproceedings{40,
  title     = {Additive white Gaussian noise level estimation based on block SVD},
  author    = { Wei, L. },
  booktitle = {2014 IEEE Workshop on Electronics, Computer and Applications},
  year      = {2014}
}

@article{41,
  title   = {Image noise level estimation based on higher-order statistics},
  author  = { Ghazi, M. M.  and  Erdogan, H. },
  journal = {Multimedia Tools and Applications},
  volume  = {76},
  number  = {2},
  pages   = {1-19},
  year    = {2017}
}

@article{42,
  title   = {Single-Image Noise Level Estimation for Blind Denoising},
  author  = { Liu, Xinhao  and  Tanaka, Masayuki  and  Okutomi, Masatoshi },
  journal = {IEEE Transactions on Image Processing},
  year    = {2013}
}


@article{43,
  title   = {Fast and reliable noise level estimation based on local statistic},
  author  = { Jiang, P.  and  Zhang, Jian Zhou },
  journal = {Pattern Recognition Letters},
  volume  = {78},
  number  = {Jul.15},
  pages   = {8-13},
  year    = {2016}
}

@article{44,
  title   = {基于回归分析和主成分分析的噪声方差估计方法},
  author  = {吴疆 and 尤飞 and 蒋平},
  journal = {电子与信息学报},
  volume  = {40},
  number  = {5},
  pages   = {7},
  year    = {2018}
}

@article{45,
  title   = {Random Variables and Stochastic Processes},
  author  = { Larson, H. J.  and  Shubert, B. O. },
  journal = {Journal of the American Chemical Society},
  volume  = {75},
  number  = {19},
  pages   = {4712-4715},
  year    = {2002}
}


@article{46,
  title   = {Distracted Driver Detection: Deep Learning vs Handcrafted Features},
  author  = { Hssayeni, Murtadhad  and  Saxena, Sagar  and  Ptucha, Raymond  and  Savakis, Andreas },
  journal = {Electronic Imaging},
  volume  = {2017},
  number  = {10},
  pages   = {20-26},
  year    = {2017}
}


@inproceedings{47,
  title     = {Detection of Distracted Driver Using Convolutional Neural Network},
  author    = { Baheti, B.  and  Gajre, S.  and  Talbar, S. },
  booktitle = {2018 IEEE/CVF Conference on Computer Vision and Pattern Recognition Workshops (CVPRW)},
  year      = {2018}
}


@inproceedings{49,
  title     = {Two-Stream Convolutional Neural Networks for Emergency Recognition in Images},
  author    = { Chen, J.  and  Duan, S.  and  Long, F.  and  Wang, Y.  and  Ling, Q. },
  booktitle = {2020 39th Chinese Control Conference (CCC)},
  year      = {2020}
}

@article{50,
  title   = {A deep learning-based driver distraction identification framework over edge cloud},
  author  = { Gumaei, A.  and  Al-Rakhami, M.  and  Hassan, M. M.  and  Alamri, A.  and  Fortino, G. },
  journal = {Neural Computing and Applications},
  number  = {1},
  pages   = {1-16},
  year    = {2020}
}

@article{51,
  title   = {Attention Is All You Need},
  author  = { Vaswani, Ashish  and  Shazeer, Noam  and  Parmar, Niki  and  Uszkoreit, Jakob  and  Jones, Llion  and  Gomez, Aidan N  and  Kaiser, Lukasz  and  Polosukhin, Illia },
  journal = {arXiv},
  year    = {2017}
}

@article{52,
  title  = {End-to-End Object Detection with Transformers},
  author = { Carion, N.  and  Massa, F.  and  Synnaeve, G.  and  Usunier, N.  and  Kirillov, A.  and  Zagoruyko, S. },
  year   = {2020}
}

@article{53,
  title  = {An Image is Worth 16x16 Words: Transformers for Image Recognition at Scale},
  author = { Dosovitskiy, A.  and  Beyer, L.  and  Kolesnikov, A.  and  Weissenborn, D.  and  Houlsby, N. },
  year   = {2020}
}

@article{54,
  title  = {Rethinking Semantic Segmentation from a Sequence-to-Sequence Perspective with Transformers},
  author = { Zheng, S.  and  Lu, J.  and  Zhao, H.  and  Zhu, X.  and  Zhang, L. },
  year   = {2020}
}

@article{55,
  title  = {Training data-efficient image transformers and distillation through attention},
  author = { Touvron, H.  and  Cord, M.  and  Douze, M.  and  Massa, F.  and H Jégou},
  year   = {2020}
}


@article{56,
  title  = {BERT: Pre-training of Deep Bidirectional Transformers for Language Understanding},
  author = { Devlin, Jacob  and  Chang, Ming Wei  and  Lee, Kenton  and  Toutanova, Kristina },
  year   = {2018}
}


@article{57,
  title   = {Facial Expression Recognition Algorithm Based on Cosine Distance Loss Function},
  author  = { Wu Huihua and  Su Hansong and  Liu Gaohua and  Li Shen and  Su Xiao},
  journal = {Laser and Optoelectronics Progress},
  volume  = {56},
  number  = {24},
  pages   = {241502},
  year    = {2019}
}


@article{58,
  title   = {A Face Recognition Algorithm Based on Angular Distance Loss Function and Convolutional Neural Network},
  author  = { Xin, Long  and  Hansong, Su  and  Gaohua, Liu  and  Zhenyu, Chen },
  journal = {Laser and Optoelectronics Progress},
  year    = {2018}
}


@article{59,
  title   = {Application of Improved Island Loss in Facial Expression Recognition},
  author  = {Zhang Wenping and Jia Kai and Wang Hongyu and Xu Fang},
  journal = {Journal of Computer-Aided Design and Computer Graphics},
  volume  = {12},
  number  = {32},
  pages   = {1901-1917},
  year    = {2020}
}

@inproceedings{60,
  title     = {Local Subclass Constraint for Facial Expression Recognition in the Wild},
  author    = { LUO Z and J HU and DENG W. },
  booktitle = {2018 24th International Conference on Pattern Recognition (ICPR)},
  year      = {2018}
}

@inproceedings{61,
  title     = {Reliable Crowdsourcing and Deep Locality-Preserving Learning for Expression Recognition in the Wild},
  author    = { Li, S.  and  Deng, W.  and  Du, J. P. },
  booktitle = {2017 IEEE Conference on Computer Vision and Pattern Recognition (CVPR)},
  year      = {2017}
}

@article{62,
  title   = {Reliable Crowdsourcing and Deep Locality-Preserving Learning for Unconstrained Facial Expression Recognition},
  author  = { Li, S.  and  Deng, W. },
  journal = {IEEE Transactions on Image Processing},
  volume  = {PP},
  pages   = {1-1},
  year    = {2018}
}

@inproceedings{63,
  title     = {A Discriminative Feature Learning Approach for Deep Face Recognition},
  author    = { Wen, Y.  and  Zhang, K.  and  Li, Z.  and  Yu, Q. },
  booktitle = {European Conference on Computer Vision},
  year      = {2016}
}

@article{64,
  title   = {A Comprehensive Study on Center Loss for Deep Face Recognition},
  author  = { Wen, Yandong  and  Zhang, Kaipeng  and  Li, Zhifeng  and  Qiao, Yu },
  journal = {International Journal of Computer Vision},
  volume  = {127},
  number  = {6},
  pages   = {668-683},
  year    = {2019}
}

@inproceedings{65,
  title     = {CosFace: Large Margin Cosine Loss for Deep Face Recognition},
  author    = { Wang, H.  and  Wang, Y.  and  Zhou, Z.  and  Ji, X.  and  Gong, D.  and  Zhou, J.  and  Li, Z.  and  Liu, W. },
  booktitle = {2018 IEEE/CVF Conference on Computer Vision and Pattern Recognition},
  year      = {2018}
}


@article{66,
  title   = {Accurate and Reliable Facial Expression Recognition Using Advanced Softmax Loss With Fixed Weights},
  author  = { Jiang, P.  and  Liu, G.  and  Wang, Q.  and  Wu, J. },
  journal = {IEEE Signal Processing Letters},
  volume  = {PP},
  number  = {99},
  pages   = {1-1},
  year    = {2020}
}

@article{67,
  title   = {Training Deep Networks for Facial Expression Recognition with Crowd-Sourced Label Distribution},
  author  = { Barsoum, E.  and  Zhang, C.  and  Ferrer, C. C.  and  Zhang, Z. },
  journal = {ACM},
  year    = {2016}
}



@article{68,
  title   = {ArcFace: Additive angular margin loss for deep face recognition },
  author  = { DENG J, Guo J, XUE N. },
  journal = {in Proc. IEEE Conf. Comput. Vision Pattern Recognit.},
  pages   = {4685–4694},
  year    = {2019}
}


@article{69,
  title   = {Island Loss for Learning Discriminative Features in Facial Expression Recognition},
  author  = { Cai, J.  and  Meng, Z.  and  Khan, A. S.  and  Li, Z.  and  O'Reilly, J.  and  Tong, Y. },
  journal = {IEEE International Conference on Automatic Face and Gesture Recognition (FG)},
  pages   = {302-309},
  year    = {2018}
}

@article{70,
  title   = {Deep Residual Learning for Image Recognition},
  author  = { He, Kaiming  and  Zhang, Xiangyu  and  Ren, Shaoqing  and  Sun, Jian },
  journal = {IEEE},
  year    = {2016}
}

@article{71,
  title   = { 一种孤立中心损失方法及其在人脸表情识别中的应用},
  author  = { 王军杰 and 蒋平 and 王泉 and 刘音},
  journal = {EI},
  pages   = {1-8},
  volume  = {04},
  number  = {8},
  year    = {2022}
}